@FOOTNOTE{Note1,key="Note1",note="The quantity $\Lambda $ from \protect \citet  {Biswas2009} is related to $\protect \mathaccentV {hat}05E{b}$ and $\protect \mathaccentV {tilde}07E{f}$ by \begin {equation} \Lambda (x, \theta ) = \protect \frac  {\protect \mathaccentV {tilde}07E{f}(x,\theta )}{R_b \protect \mathaccentV {hat}05E{b}(x,\theta )}. \end {equation}"}
@FOOTNOTE{Note2,key="Note2",note="The observational domain is not infinite, so the normalization of the cluster density in Eq.~\protect \textup  {\hbox {\mathsurround \z@ \protect \normalfont  (\ignorespaces \ref {eq:plummer-surface-density}\unskip \@@italiccorr )}} is not quite correct. In our modeling we properly take this into account, but for simplicity here we ignore it."}
