@ARTICLE{Biswas2009,
   author = {{Biswas}, R. and {Brady}, P.~R. and {Creighton}, J.~D.~E. and 
	{Fairhurst}, S.},
    title = "{The loudest event statistic: general formulation, properties and applications}",
  journal = {Classical and Quantum Gravity},
   eprint = {arXiv:0710.0465},
 primaryClass = "gr-qc",
     year = 2009,
    month = sep,
   volume = 26,
   number = 17,
    pages = {175009},
      doi = {10.1088/0264-9381/26/17/175009},
   adsurl = {http://adsabs.harvard.edu/abs/2009CQGra..26q5009B},
  adsnote = {Provided by the SAO/NASA Astrophysics Data System}
}